<?xml version="1.0" encoding="UTF-8"?><collection xmlns="http://www.loc.gov/MARC21/slim"><record><leader>00357nam--2200133-i-4500</leader><controlfield tag="001">000049094</controlfield><controlfield tag="002">20161230</controlfield><controlfield tag="005">20161230201047</controlfield><controlfield tag="008">060222s1000------------r-----000-0-eng-d</controlfield><datafield ind1=" " ind2=" " tag="080"><subfield code="a">537.222.22</subfield></datafield><datafield ind1=" " ind2=" " tag="100"><subfield code="a">Akchurin,R.H. I Ufimcev,V.B</subfield></datafield><datafield ind1=" " ind2=" " tag="245"><subfield code="a">Fiziko-ximicheskie osnovy zhidkofapnoi epitaksii</subfield></datafield><datafield ind1=" " ind2=" " tag="260"><subfield code="a">Moskva, Metallurgiia, 1983. 224 S</subfield></datafield><datafield ind1=" " ind2=" " tag="852"><subfield code="a">71917</subfield></datafield></record></collection>